@misc{gpsinfo,
  author = {Dale DePriest},
  title = {NMEA data},
  url = {https://www.gpsinformation.org/dale/nmea.htm},
  note = {Accessed November 2018}
}