@misc{gpsinfo,
  author = {Dale DePriest},
  title = {NMEA data},
  url = {https://www.gpsinformation.org/dale/nmea.htm},
  note = {Accessed November 2018}
}

@misc{lifesaving,
  author = "{Surf Live Saving Queensland}",
  title = {Statistics},
  url = {http://lifesaving.com.au/about/statistics/},
  note = {Accessed February 2019}
}

@misc{drowning,
  author = "{Royal Life Saving Australia}",
  title = {National Drowning Report 2018},
  url = {https://www.royallifesaving.com.au/__data/assets/pdf_file/0004/23197/RLS_NDR2018_ReportLR.pdf},
  note = {Accessed February 2019}
}